<?xml version="1.0" encoding="UTF-8"?><collection xmlns="http://www.loc.gov/MARC21/slim"><record><leader>00436nam--2200169-i-4500</leader><controlfield tag="001">000001848</controlfield><controlfield tag="002">20161230</controlfield><controlfield tag="005">20170126235521</controlfield><controlfield tag="008">060222s1000------------r-----000-0-eng-d</controlfield><datafield ind1=" " ind2=" " tag="100"><subfield code="a">Freud, J</subfield></datafield><datafield ind1=" " ind2=" " tag="245"><subfield code="a">Marguerite generateur radio-isotopique maritime</subfield></datafield><datafield ind1=" " ind2=" " tag="260"><subfield code="a">Suresnes, France</subfield><subfield code="b">S.N.E.C.M.A</subfield><subfield code="c">1965</subfield></datafield><datafield ind1=" " ind2=" " tag="300"><subfield code="a">/426-434</subfield></datafield><datafield ind1=" " ind2=" " tag="490"><subfield code="a">Paper Communication</subfield></datafield><datafield ind1=" " ind2=" " tag="700"><subfield code="a">Stoll, R</subfield></datafield><datafield ind1=" " ind2=" " tag="852"><subfield code="a">25732</subfield></datafield><datafield ind1=" " ind2=" " tag="CAT"><subfield code="a">SYS</subfield><subfield code="c">20170126</subfield><subfield code="h">235521</subfield></datafield></record></collection>